@article{ohuchi2019,
  title   = {光無線OFDM方式の基礎技術},
  author  = {大内 浩司},
  journal = {電子情報通信学会 基礎・境界ソサイエティ Fundamentals Review},
  volume  = {13},
  number  = {1},
  pages   = {38-46},
  year    = {2019},
  doi     = {10.1587/essfr.13.1_38}
}